@article{Viola:2004:RRF:966432.966458,
 author = {Viola, Paul and Jones, Michael J.},
 title = {Robust Real-Time Face Detection},
 journal = {Int. J. Comput. Vision},
 issue_date = {May 2004},
 volume = {57},
 number = {2},
 month = may,
 year = {2004},
 issn = {0920-5691},
 pages = {137--154},
 numpages = {18},
 url = {http://dx.doi.org/10.1023/B:VISI.0000013087.49260.fb},
 doi = {10.1023/B:VISI.0000013087.49260.fb},
 acmid = {966458},
 publisher = {Kluwer Academic Publishers},
 address = {Hingham, MA, USA},
 keywords = {boosting, face detection, human sensing},
} 
